@article{fries80,
author = {James F. Fries},
title = {Aging, natural death, and the compression of mortality},
year = {1980},
journal = {New England Journal of Medicine},
volume = {303},
pages = {130--135}
}

@article{fries05,
author = {James F. Fries},
title = {The compression of mortality},
year = {2005},
journal = {The Milbank Quarterly},
volume = {83},
pages = {801--823}
}

@unpublished{stallard14,
author = {Eric Stallard},
title = {Compression of morbidity and mortality: {N}ew perspectives},
year = {2014},
note = {Presented at the Living to 100 Symposium, Orlando, Fl.}
}